@online{kiiskinen-2016,
  author = {Sampsa Kiiskinen},
  title = {University of Jyväskylä Document Class},
  date = {2016-12-24},
  url = {http://users.jyu.fi/~sapekiis/jyu-cls/},
}

@article{feynman-1948,
  title = {Space-Time Approach to Non-Relativistic Quantum Mechanics},
  author = {Richard Phillips Feynman},
  journal = {Reviews of Modern Physics},
  volume = {20},
  number = {2},
  pages = {367--387},
  date = {1948-04},
  publisher = {American Physical Society},
}
